<record><leader>00000cas a2200000 a 4500</leader><controlfield tag="001">15262241</controlfield><controlfield tag="008">870303d19201970azudn ne      0    0eng  </controlfield><controlfield tag="009">466</controlfield><datafield ind1=" " ind2=" " tag="010"><subfield code="a">sn 87062083 </subfield></datafield><datafield ind1=" " ind2=" " tag="040"><subfield code="a">DLC</subfield><subfield code="b">eng</subfield><subfield code="c">DLC</subfield><subfield code="d">ANN</subfield><subfield code="d">OCLCO</subfield><subfield code="d">OCLCF</subfield></datafield><datafield ind1="1" ind2=" " tag="029"><subfield code="a">AU@</subfield><subfield code="b">000020458440</subfield></datafield><datafield ind1=" " ind2=" " tag="042"><subfield code="a">msc</subfield></datafield><datafield ind1=" " ind2=" " tag="043"><subfield code="a">n-us-az</subfield></datafield><datafield ind1="0" ind2="0" tag="050"><subfield code="a">Newspaper 7069-X</subfield></datafield><datafield ind1="0" ind2="0" tag="245"><subfield code="a">Prescott evening courier.</subfield></datafield><datafield ind1="0" ind2="0" tag="246"><subfield code="a">Prescott courier</subfield></datafield><datafield ind1=" " ind2=" " tag="260"><subfield code="a">Prescott, Ariz. :</subfield><subfield code="b">Prescott Courier, Inc.,</subfield><subfield code="c">1920-1970.</subfield></datafield><datafield ind1=" " ind2=" " tag="300"><subfield code="a">v. :</subfield><subfield code="b">ill. ;</subfield><subfield code="c">58 cm.</subfield></datafield><datafield ind1=" " ind2=" " tag="310"><subfield code="a">Daily (except Sat.),</subfield><subfield code="b">Apr. 2, 1967-July 10, 1970</subfield></datafield><datafield ind1=" " ind2=" " tag="321"><subfield code="a">Daily (except Sun.),</subfield><subfield code="b">Sept. 20, 1920-Aug. 22, 1947</subfield></datafield><datafield ind1=" " ind2=" " tag="321"><subfield code="a">Daily (except Sat. and Sun.),</subfield><subfield code="b">Aug. 25, 1947-Mar. 31, 1967</subfield></datafield><datafield ind1="0" ind2=" " tag="362"><subfield code="a">39th year (Sept. 20, 1920)-v. 88, no. 160 (July 10, 1970).</subfield></datafield><datafield ind1=" " ind2=" " tag="500"><subfield code="a">May 15, 1964 issue called also "Prescott centennial ed."</subfield></datafield><datafield ind1=" " ind2=" " tag="500"><subfield code="a">"Independent." Cf. Ayer, 1986.</subfield></datafield><datafield ind1=" " ind2="0" tag="651"><subfield code="a">Prescott (Ariz.)</subfield><subfield code="v">Newspapers.</subfield></datafield><datafield ind1=" " ind2="0" tag="651"><subfield code="a">Yavapai County (Ariz.)</subfield><subfield code="v">Newspapers.</subfield></datafield><datafield ind1=" " ind2="7" tag="655"><subfield code="a">Newspapers.</subfield><subfield code="2">fast</subfield><subfield code="0">(OCoLC)fst01423814</subfield></datafield><datafield ind1=" " ind2="7" tag="651"><subfield code="a">Arizona</subfield><subfield code="z">Prescott.</subfield><subfield code="2">fast</subfield><subfield code="0">(OCoLC)fst01210000</subfield></datafield><datafield ind1=" " ind2="7" tag="651"><subfield code="a">Arizona</subfield><subfield code="z">Yavapai County.</subfield><subfield code="2">fast</subfield><subfield code="0">(OCoLC)fst01217120</subfield></datafield><datafield ind1=" " ind2=" " tag="752"><subfield code="a">United States</subfield><subfield code="b">Arizona</subfield><subfield code="c">Yavapai</subfield><subfield code="d">Prescott.</subfield></datafield><datafield ind1="0" ind2=" " tag="775"><subfield code="t">Prescott courier (Prescott, Ariz. : 1909)</subfield><subfield code="w">(DLC)sn 95060716</subfield></datafield><datafield ind1="0" ind2=" " tag="775"><subfield code="t">Prescott weekly courier (Prescott, Ariz. : 1920)</subfield><subfield code="w">(DLC)sn 95060717</subfield></datafield><datafield ind1="0" ind2="0" tag="785"><subfield code="t">Prescott courier (Prescott, Ariz. : 1970)</subfield><subfield code="w">(DLC)sn 88063017</subfield></datafield></record>